
<!-- one skipped loc, one valid -->    
    <record>
        <leader>01149nam a22002891  4500</leader>
        <controlfield tag="001">akeepOne</controlfield>
        <controlfield tag="008">840514s1962    enk      b    000 0 eng  </controlfield>
        <datafield tag="245" ind1="1" ind2="0">
            <subfield code="a">math-cs Shadowed location for loading Marcive SLS records and SAL Shadowed location for loading Marcive SLS records</subfield>
        </datafield>
        <datafield tag="999" ind1=" " ind2=" ">
            <subfield code="a">KEEP</subfield>
            <subfield code="w">ASIS</subfield>
            <subfield code="c">1</subfield>
            <subfield code="i">KEEP</subfield>
            <subfield code="d">10/22/2003</subfield>
            <subfield code="e">3/13/1995</subfield>
            <subfield code="l">STACKS</subfield>
            <subfield code="m">GREEN</subfield>
            <subfield code="n">1</subfield>
            <subfield code="p">$40.00</subfield>
            <subfield code="q">6</subfield>
            <subfield code="r">Y</subfield>
            <subfield code="s">Y</subfield>
            <subfield code="t">STKS</subfield>
            <subfield code="u">5/14/1984</subfield>
        </datafield>
        <datafield tag="999" ind1=" " ind2=" ">
            <subfield code="a">SKIP</subfield>
            <subfield code="w">ASIS</subfield>
            <subfield code="c">2</subfield>
            <subfield code="i">SKIP</subfield>
            <subfield code="d">8/15/1997</subfield>
            <subfield code="e">4/7/1995</subfield>
            <subfield code="l">MAPCASES-S</subfield>
            <subfield code="m">SAL</subfield>
            <subfield code="q">1</subfield>
            <subfield code="r">Y</subfield>
            <subfield code="s">Y</subfield>
            <subfield code="t">STKS-MONO</subfield>
            <subfield code="u">8/15/1997</subfield>
            <subfield code="o">.TECHSTAFF. tf:MATH 8/97 batch</subfield>
        </datafield>
    </record>