
<!-- edi removed plus another location -->
    <record>
        <leader>01767nam a22003614a 4500</leader>
        <controlfield tag="001">aOnePlusEdiRemove</controlfield>
        <controlfield tag="008">090721s2009    gw a     b    000 0 ger c</controlfield>
        <datafield tag="245" ind1=" " ind2=" ">
            <subfield code="a">one regular plus one EDI-REMOVE item</subfield>
        </datafield>
        <datafield tag="999" ind1=" " ind2=" ">
            <subfield code="a">SKIP</subfield>
            <subfield code="w">ASIS</subfield>
            <subfield code="c">1</subfield>
            <subfield code="i">SKIP</subfield>
            <subfield code="l">STACKS</subfield>
            <subfield code="m">GREEN</subfield>
            <subfield code="r">Y</subfield>
            <subfield code="s">Y</subfield>
            <subfield code="t">EDI-REMOVE</subfield>
            <subfield code="u">10/15/2009</subfield>
            <subfield code="z">TAX=8.25</subfield>
        </datafield>
        <datafield tag="999" ind1=" " ind2=" ">
            <subfield code="a">KEEP</subfield>
            <subfield code="w">ASIS</subfield>
            <subfield code="c">1</subfield>
            <subfield code="i">KEEP</subfield>
            <subfield code="d">10/22/2003</subfield>
            <subfield code="e">3/13/1995</subfield>
            <subfield code="l">STACKS</subfield>
            <subfield code="m">GREEN</subfield>
            <subfield code="n">1</subfield>
            <subfield code="p">$40.00</subfield>
            <subfield code="q">6</subfield>
            <subfield code="r">Y</subfield>
            <subfield code="s">Y</subfield>
            <subfield code="t">STKS</subfield>
            <subfield code="u">5/14/1984</subfield>
        </datafield>
    </record>
</collection>